<?xml version="1.0" encoding="UTF-8"?><collection><record><leader>05586ntm a2200565 a 4500</leader><controlfield tag="001">006814129</controlfield><controlfield tag="003">MiAaHDL</controlfield><controlfield tag="005">20190719000000.0</controlfield><controlfield tag="006">m        d        </controlfield><controlfield tag="007">cr bn ---auaua</controlfield><controlfield tag="008">090608q18631864xx            00| ||per d</controlfield><datafield tag="035" ind1=" " ind2=" "><subfield code="a">(MiU)006814129</subfield></datafield><datafield tag="035" ind1=" " ind2=" "><subfield code="a">sdr-miu006814129</subfield></datafield><datafield tag="040" ind1=" " ind2=" "><subfield code="a">MiU</subfield><subfield code="c">MiU</subfield><subfield code="e">amremm</subfield></datafield><datafield tag="043" ind1=" " ind2=" "><subfield code="a">n-us-mi</subfield></datafield><datafield tag="100" ind1="0" ind2=" "><subfield code="6">880-01</subfield><subfield code="a">Ḥāfiẓ,</subfield><subfield code="d">active 14th century.</subfield></datafield><datafield tag="240" ind1="1" ind2="0"><subfield code="6">880-02</subfield><subfield code="a">Dīvān</subfield></datafield><datafield tag="245" ind1="1" ind2="0"><subfield code="6">880-03</subfield><subfield code="a">Hāẕā Kitāb-i Khvājah Ḥāfiẓ-i Shīrāzī,</subfield><subfield code="f">[1280, i.e. 1863 or 1864].</subfield></datafield><datafield tag="260" ind1=" " ind2=" "><subfield code="c">[1863 or 1864].</subfield></datafield><datafield tag="300" ind1=" " ind2=" "><subfield code="a">188 leaves :</subfield><subfield code="b">paper ;</subfield><subfield code="c">240 x 155 (164 x 87) mm.</subfield></datafield><datafield tag="500" ind1=" " ind2=" "><subfield code="a">Shelfmark: Ann Arbor, University of Michigan, Special Collections Library, Isl. Ms. 321</subfield></datafield><datafield tag="500" ind1=" " ind2=" "><subfield code="a">Origin: As appears in colophon on p.373, copied by Muḥammad al-Sāvajī with transcription completed 1280 [1863 or 4].</subfield></datafield><datafield tag="500" ind1=" " ind2=" "><subfield code="a">Former shelfmark: "214 T. D. M. [i.e. Tammaro De Marinis]" inscribed in pencil on recto of front flyleaf ; "25 / 13" inscribed in pencil on 'title page' (p.1).</subfield></datafield><datafield tag="500" ind1=" " ind2=" "><subfield code="a">Binding: Pasteboards covered in gray leather (pebbled quality of shagreen) ; Type III binding (without flap), two-piece binding (overlapping flanges visible at spine) ; doublures in red leather with gold-painted rule-borders ; upper and lower covers carry traces of gold-painted (now gone to green) rectangular panel and border ; sewn in lime green and red thread, two stations ; worked chevron endbands in pink and yellow, good condition ; overall in fair condition with some abrasion, staining, etc. ; upper cover fully detached with spine flange intact ; housed in box for protection.</subfield></datafield><datafield tag="500" ind1=" " ind2=" "><subfield code="a">Support: non-European (likely Persian or Indian) laid paper with 11 laid lines per cm. (horizontal, fairly distinct) and chains occasionally visible, quite sturdy though transluscent, extremely well-burnished to glossy.</subfield></datafield><datafield tag="500" ind1=" " ind2=" "><subfield code="a">Decoration: Exquisitely rich illuminated headpiece (ʻunwān / sarlawḥ) at opening on p.2 consisting of rectangular piece with gold cartouche carrying the title in red ( "هذا كتاب خواجه حافظ شيرازى عليه الرحمه" ) flanked by gold accents with swirling arabesque red-orange, pink, green, etc. on fields of black and blue (lapis lazuli), surmounted by tall scalloped w-shaped piece with inset domes all filled with elaborate swirling arabesques with floral accents in gold, white, turquoise, red, pink, yellow, etc. on fields of blue (lapis lazuli) and gold, itself set into an elaborate well of bands in turquoise, red, white, and red-orange with arabesque and chī cloud design on black ground ; entire piece bordered by gold interlace or ropework border ; incipit and facing page carry richly executed illuminated marginal decoration in the form of swirling arabesques over various shapes in gold, red, black, turquoise, lapis lazuli, pink, lavender, green, white, etc. ; written area throughout surrounded by a heavy frame of gold, red, blue and turquoise bands with outermost blue rule ; area of margins outlined in red and gold ; text of incipit and facing page set off with gold cloud-bands ; occasional floral vegetal accents gold etc. appear occasionally between sections of text.</subfield></datafield><datafield tag="500" ind1=" " ind2=" "><subfield code="a">Script: Nastaʻlīq ; elegant hand ; serifless, with effect of words descending to baseline, closed counters, and elongated horizontal strokes.</subfield></datafield><datafield tag="500" ind1=" " ind2=" "><subfield code="a">Layout: Written in 14 lines per page ; written area divided to two columns to set-off poetry ; frame-ruled.</subfield></datafield><datafield tag="500" ind1=" " ind2=" "><subfield code="a">Collation: ii, V (10), 4 IV(42), V (52), 2 II(60), 13 IV(164), II (168), 2 IV(184), II (188) ; chiefly quaternions and binions ; pagination in pencil, Western numerals, supplied during digitization.</subfield></datafield><datafield tag="500" ind1=" " ind2=" "><subfield code="a">Colophon: "Scribal," rectangular, in Arabic, reads "مشقه العبد المذنب الفقير الحقير العاصى محمد الساوجى سنه ۱۲۸۰"</subfield></datafield><datafield tag="500" ind1=" " ind2=" "><subfield code="a">Explicit: "خاموش نشین که وقت خاموشی تست دم در کش و صراحی می و پر می کن"</subfield></datafield><datafield tag="500" ind1=" " ind2=" "><subfield code="a">Incipit: "الا یا ایها الساقی ادر کاسا و ناولها که عشق آسان نمود اول ولی افتاد مشکلها ..."</subfield></datafield><datafield tag="500" ind1=" " ind2=" "><subfield code="a">Title from illuminated headpiece at opening on p.2.</subfield></datafield><datafield tag="500" ind1=" " ind2=" "><subfield code="a">Ms. codex.</subfield></datafield><datafield tag="510" ind1="4" ind2=" "><subfield code="a">Cat. Pers. MSS. Brit. Mus.,</subfield><subfield code="c">p.627 ff.</subfield></datafield><datafield tag="520" ind1="8" ind2=" "><subfield code="a">Richly elegant copy of the Dīvān of the masterful poet Ḥāfiẓ (Khvājah Shams al-Dīn Muḥammad Shīrāzī, d.1390?).</subfield></datafield><datafield tag="538" ind1=" " ind2=" "><subfield code="a">Mode of access: Internet.</subfield></datafield><datafield tag="541" ind1=" " ind2=" "><subfield code="c">Purchase ;</subfield><subfield code="a">Acquired by purchase (funds donated by Horace Rackham).</subfield><subfield code="d">1924.</subfield></datafield><datafield tag="546" ind1=" " ind2=" "><subfield code="a">Persian.</subfield></datafield><datafield tag="561" ind1=" " ind2=" "><subfield code="a">Inscriptions in pencil on front flyleaf "214 T. D. M. [i.e. Tammaro De Marinis]" and 'title page' (p.1) "25 / 13" ; inscription on front flyleaf indicating copy executed by Mīrzā Muḥammad Sāvajī ( ميرزا محمد ساوجى ) ; relatively clean copy.</subfield></datafield><datafield tag="650" ind1=" " ind2="0"><subfield code="a">Manuscripts, Persian</subfield><subfield code="z">Michigan</subfield><subfield code="z">Ann Arbor.</subfield></datafield><datafield tag="650" ind1=" " ind2="0"><subfield code="a">Persian poetry</subfield><subfield code="y">747-1500.</subfield></datafield><datafield tag="655" ind1=" " ind2="7"><subfield code="a">Headpieces (layout features)</subfield><subfield code="y">19th century.</subfield><subfield code="2">aat</subfield></datafield><datafield tag="700" ind1="0" ind2=" "><subfield code="a">Abdülhamid</subfield><subfield code="b">II,</subfield><subfield code="c">Sultan of the Turks,</subfield><subfield code="d">1842-1918,</subfield><subfield code="e">former owner.</subfield></datafield><datafield tag="700" ind1="0" ind2=" "><subfield code="6">880-05</subfield><subfield code="a">Muḥammad al-Sāvajī,</subfield><subfield code="d">1863,</subfield><subfield code="e">scribe.</subfield></datafield><datafield tag="773" ind1="0" ind2=" "><subfield code="a">Abdul Hamid Collection.</subfield></datafield><datafield tag="880" ind1="0" ind2=" "><subfield code="6">700-05/</subfield><subfield code="a">محمد الساوجي,</subfield><subfield code="e">ناسخ.</subfield></datafield><datafield tag="880" ind1="1" ind2="0"><subfield code="6">245-03/</subfield><subfield code="a">هذا کتاب خواجه حافظ شیرازى,</subfield><subfield code="f">[1280ه, 1863 یا 1864م].</subfield></datafield><datafield tag="880" ind1="1" ind2="0"><subfield code="6">240-02/</subfield><subfield code="a">ديوان</subfield></datafield><datafield tag="880" ind1="0" ind2=" "><subfield code="6">100-01/</subfield><subfield code="a">حافظ.</subfield></datafield><datafield tag="CID" ind1=" " ind2=" "><subfield code="a">006814129</subfield></datafield><datafield tag="DAT" ind1="0" ind2=" "><subfield code="a">20190719102638.0</subfield><subfield code="b">20190719000000.0</subfield></datafield><datafield tag="DAT" ind1="1" ind2=" "><subfield code="a">20190719090653.0</subfield><subfield code="b">2019-07-19T16:11:50Z</subfield></datafield><datafield tag="DAT" ind1="2" ind2=" "><subfield code="a">2015-10-02T18:00:03Z</subfield></datafield><datafield tag="CAT" ind1=" " ind2=" "><subfield code="a">SDR-MIU</subfield><subfield code="d">EX LIBRIS - ALEPH</subfield><subfield code="l">prepare.pl-004-008</subfield></datafield><datafield tag="FMT" ind1=" " ind2=" "><subfield code="a">BK</subfield></datafield><datafield tag="HOL" ind1=" " ind2=" "><subfield code="0">sdr-miu006814129</subfield><subfield code="a">MiU</subfield><subfield code="b">SDR</subfield><subfield code="c">MIU</subfield><subfield code="p">mdp.39015079128859</subfield><subfield code="s">MIU</subfield><subfield code="1">006814129</subfield></datafield><datafield tag="974" ind1=" " ind2=" "><subfield code="b">MIU</subfield><subfield code="c">MIU</subfield><subfield code="d">20190719</subfield><subfield code="s">lit-dlps-dc</subfield><subfield code="u">mdp.39015079128859</subfield><subfield code="y">1864</subfield><subfield code="r">pd</subfield><subfield code="q">bib</subfield><subfield code="t">non-US bib date2 &lt; 1879</subfield></datafield></record></collection>